% This file was created with JabRef 2.9.2.
% Encoding: Cp1251

@ARTICLE{Bitzek2006,
  author = {Bitzek, E. and Koskinen, P. and G{\"a}hler, F. and Moseler, M. and
	Gumbsch, P.},
  title = {Structural relaxation made simple},
  journal = {Phys. Rev. Lett.},
  year = {2006},
  volume = {97},
  pages = {170201},
  number = {17},
  doi = {10.1103/PhysRevLett.97.170201},
  file = {:papers\\Bitzek2006.pdf:PDF},
  url = {http://link.aps.org/doi/10.1103/PhysRevLett.97.170201}
}

@ARTICLE{Boldyrev2007,
  author = {Call, S.T. and Zubarev, D.Yu. and Boldyrev, A.I.},
  title = {Global minimum structure searches via particle swarm optimization},
  journal = {Journal of Computational Chemistry},
  year = {2007},
  volume = {28},
  pages = {1177--1186},
  number = {7},
  doi = {10.1002/jcc.20621},
  file = {:papers\\Boldyrev2007.pdf:PDF},
  issn = {1096-987X},
  url = {http://dx.doi.org/10.1002/jcc.20621}
}

@ARTICLE{Boulfelfel2012,
  author = {Boulfelfel, S.E. and Oganov, A.R. and Leoni, S.},
  title = {Understanding the nature of "superhard graphite'"},
  journal = {Scientific Reports},
  year = {2012},
  volume = {2},
  pages = {1--9},
  number = {471},
  doi = {10.1038/srep00471},
  file = {:papers\\Boulfelfel2012.pdf:PDF},
  url = {http://www.nature.com/srep/2012/120628/srep00471/full/srep00471.html}
}

@ARTICLE{Chen2011,
  author = {Chen, X.-Q. and Niu, H. and Li, D. and Li, Y.},
  title = {Modeling hardness of polycrystalline materials and bulk metallic
	glasses},
  journal = {Intermetallics},
  year = {2011},
  volume = {19},
  pages = {1275--1281},
  number = {9},
  doi = {10.1016/j.intermet.2011.03.026},
  file = {:papers\\Chen2011.pdf:PDF},
  issn = {0966-9795},
  url = {http://www.sciencedirect.com/science/article/pii/S0966979511000987}
}

@ARTICLE{Cordero2008,
  author = {Cordero, B. and Gomez, V. and Platero-Prats, A.E. and Reves, M. and
	Echeverria, J. and Cremades, E. and Barragan, F. and Alvarez, S.},
  title = {Covalent radii revisited},
  journal = {Dalton Trans.},
  year = {2008},
  volume = {21},
  pages = {2832--2838},
  doi = {10.1039/B801115J},
  file = {:papers\\Cordero2008.pdf:PDF},
  url = {http://dx.doi.org/10.1039/B801115J}
}

@ARTICLE{Dellago1998,
  author = {Dellago, C. and Bolhuis, P.G. and Csajka, F.S. and Chandler, D.},
  title = {Transition path sampling and the calculation of rate constants},
  journal = {The Journal of Chemical Physics},
  year = {1998},
  volume = {108},
  pages = {1964--1977},
  number = {5},
  doi = {10.1063/1.475562},
  file = {:papers\\Dellago1998.pdf:PDF},
  url = {http://scitation.aip.org/content/aip/journal/jcp/108/5/10.1063/1.475562}
}

@ARTICLE{Dubrovinsky2001,
  author = {Dubrovinsky, L.S. and Dubrovinskaia, N.A. and Swamy, V. and Muscat,
	J. and Harrison, N.M. and Ahuja, R. and Holm, B. and Johansson, B.},
  title = {Materials science: The hardest known oxide},
  journal = {Nature},
  year = {2001},
  volume = {410},
  pages = {653--654},
  number = {6829},
  doi = {10.1038/35070650},
  file = {:papers\\Dubrovinsky2001.pdf:PDF},
  issn = {0028-0836},
  url = {http://dx.doi.org/10.1038/35070650}
}

@ARTICLE{Gao2010,
  author = {Gao, G. and Oganov, A.R. and Li, P. and Li, Z. and Wang, H. and Cui,
	T. and Ma, Y. and Bergara, A. and Lyakhov, A.O. and Iitaka, T. and
	Zou, G.},
  title = {High-pressure crystal structures and superconductivity of Stannane
	({S}n{H}4)},
  journal = {Proceedings of the National Academy of Sciences},
  year = {2010},
  volume = {107},
  pages = {1317-1320},
  number = {4},
  doi = {10.1073/pnas.0908342107},
  file = {:papers\\Gao2010.pdf:PDF},
  url = {http://www.pnas.org/content/107/4/1317.abstract}
}

@ARTICLE{Glass2006,
  author = {Glass, C.W. and Oganov, A.R. and Hansen, N.},
  title = {{USPEX} --- Evolutionary crystal structure prediction},
  journal = {Comp. Phys. Comm.},
  year = {2006},
  volume = {175},
  pages = {713--720},
  doi = {10.1016/j.cpc.2006.07.020},
  file = {:papers\\Glass2006.pdf:PDF},
  url = {http://www.sciencedirect.com/science/article/pii/S0010465506002931}
}

@ARTICLE{Henkelman2000a,
  author = {Henkelman, G. and Uberuaga, B.P. and J{\'o}nsson, H.},
  title = {A climbing image nudged elastic band method for finding saddle points
	and minimum energy paths},
  journal = {J. Chem. Phys.},
  year = {2000},
  volume = {113},
  pages = {9901--9904},
  number = {22},
  doi = {10.1063/1.1329672},
  file = {:papers\\Henkelman2000a.pdf:PDF},
  url = {http://scitation.aip.org/content/aip/journal/jcp/113/22/10.1063/1.1329672}
}

@ARTICLE{Henkelman2000b,
  author = {Henkelman, G. and J{\'o}nsson, H.},
  title = {Improved tangent estimate in the nudged elastic band method for finding
	minimum energy paths and saddle points},
  journal = {J. Chem. Phys.},
  year = {2000},
  volume = {113},
  pages = {9978--9985},
  number = {22},
  doi = {10.1063/1.1323224},
  file = {:papers\\Henkelman2000b.pdf:PDF},
  url = {http://scitation.aip.org/content/aip/journal/jcp/113/22/10.1063/1.1323224}
}

@ARTICLE{Lyakhov2010,
  author = {Lyakhov, A.O. and Oganov, A.R. and Valle, M.},
  title = {How to predict very large and complex crystal structures},
  journal = {Comp. Phys. Comm.},
  year = {2010},
  volume = {181},
  pages = {1623--1632},
  doi = {10.1016/j.cpc.2010.06.007},
  file = {:papers\\Lyakhov2010.pdf:PDF},
  url = {http://www.sciencedirect.com/science/article/pii/S0010465510001840}
}

@ARTICLE{Lyakhov2013,
  author = {Lyakhov, A.O. and Oganov, A.R. and Stokes, H.T. and Zhu, Q.},
  title = {New developments in evolutionary structure prediction algorithm {USPEX}},
  journal = {Comp. Phys. Comm.},
  year = {2013},
  volume = {184},
  pages = {1172--1182},
  doi = {10.1016/j.cpc.2012.12.009},
  file = {:papers\\Lyakhov2013.pdf:PDF},
  url = {http://www.sciencedirect.com/science/article/pii/S0010465512004055}
}

@ARTICLE{Ma2009,
  author = {Ma, Y. and Oganov, A.R. and Xie, Y. and Li, Z. and Kotakoski, J.},
  title = {Novel high pressure structures of polymeric nitrogen},
  journal = {Phys. Rev. Lett.},
  year = {2009},
  volume = {102},
  pages = {065501},
  doi = {10.1103/PhysRevLett.102.065501},
  file = {:papers\\Ma2009.pdf:PDF},
  url = {http://link.aps.org/doi/10.1103/PhysRevLett.102.065501}
}

@ARTICLE{Maddox1988,
  author = {Maddox, J.},
  title = {Crystals from first principles},
  journal = {Nature},
  year = {1988},
  volume = {335},
  pages = {201},
  doi = {doi:10.1038/335201a0},
  file = {:papers\\Maddox1988.pdf:PDF},
  url = {http://www.nature.com/nature/journal/v335/n6187/pdf/335201a0.pdf}
}

@ARTICLE{Martinez-Canales2009,
  author = {Martinez-Canales, M. and Oganov, A.R. and Ma, Y. and Yan, Y. and
	Lyakhov, A.O. and Bergara, A.},
  title = {Novel Structures and Superconductivity of Silane under Pressure},
  journal = {Phys. Rev. Lett.},
  year = {2009},
  volume = {102},
  pages = {087005},
  month = {Feb},
  doi = {10.1103/PhysRevLett.102.087005},
  file = {:papers\\Martinez-Canales2009.pdf:PDF},
  issue = {8},
  numpages = {4},
  url = {http://link.aps.org/doi/10.1103/PhysRevLett.102.087005}
}

@ARTICLE{Martonak2005,
  author = {Marto\v{n}\'{a}k, R. and Laio, A. and Bernasconi, M. and Ceriani
	, C. and Raiteri, P. and Zipoli, F. and Parrinello, M.},
  title = {Simulation of structural phase transitions by metadynamics},
  journal = {Z. Krist.},
  year = {2005},
  volume = {220},
  pages = {489--498},
  doi = {10.1524/zkri.220.5.489.65078},
  file = {:papers\\Martonak2005.pdf:PDF},
  url = {http://www.degruyter.com/view/j/zkri.2005.220.issue-5-6-2005/zkri.220.5.489.65078/zkri.220.5.489.65078.xml}
}

@ARTICLE{Mills1995,
  author = {Mills, G. and J{\'o}nsson, H. and Schenter, G.K.},
  title = {Reversible work transition state theory: application to dissociative
	adsorption of hydrogen},
  journal = {Surf. Sci.},
  year = {1995},
  volume = {324},
  pages = {305--337},
  number = {2},
  doi = {10.1016/0039-6028(94)00731-4},
  file = {:papers\\Mills1995.pdf:PDF},
  url = {http://www.sciencedirect.com/science/article/pii/0039602894007314}
}

@ARTICLE{Murakami2004,
  author = {Murakami, M. and Hirose, K. and Kawamura, K. and Sata, N. and Ohishi,
	Y.},
  title = {Post-Perovskite Phase Transition in {M}g{S}i{O}3},
  journal = {Science},
  year = {2004},
  volume = {304},
  pages = {855-858},
  number = {5672},
  doi = {10.1126/science.1095932},
  file = {:papers\\Murakami2004.pdf:PDF},
  url = {http://www.sciencemag.org/content/304/5672/855.abstract}
}

@ARTICLE{Oganov2004,
  author = {Oganov, A.R. and Ono, S.},
  title = {Theoretical and experimental evidence for a post-perovskite phase
	of {M}g{S}i{O}3 in {E}arth's {D}" layer},
  journal = {Nature},
  year = {2004},
  volume = {430},
  pages = {445--448},
  number = {6998},
  month = jul,
  doi = {10.1038/nature02701},
  file = {:papers\\Oganov2004.pdf:PDF},
  issn = {0028-0836},
  url = {http://dx.doi.org/10.1038/nature02701}
}

@ARTICLE{Oganov2006,
  author = {Oganov, A.R. and Glass, C.W.},
  title = {Crystal structure prediction using ab initio evolutionary techniques:
	Principles and applications},
  journal = {The Journal of Chemical Physics},
  year = {2006},
  volume = {124},
  pages = {244704},
  doi = {10.1063/1.2210932},
  file = {:papers\\Oganov2006.pdf:PDF},
  url = {http://scitation.aip.org/content/aip/journal/jcp/124/24/10.1063/1.2210932}
}

@ARTICLE{Oganov2008,
  author = {Oganov, A.R. and Glass, C.W.},
  title = {Evolutionary crystal structure prediction as a tool in materials
	design},
  journal = {Journal of Physics: Condensed Matter},
  year = {2008},
  volume = {20},
  pages = {064210},
  number = {6},
  doi = {doi:10.1088/0953-8984/20/6/064210},
  file = {:papers\\Oganov2008.pdf:PDF},
  url = {http://stacks.iop.org/0953-8984/20/i=6/a=064210}
}

@ARTICLE{Oganov2009,
  author = {Oganov, A.R. and Valle, M.},
  title = {How to quantify energy landscapes of solids},
  journal = {The Journal of Chemical Physics},
  year = {2009},
  volume = {130},
  pages = {104504},
  doi = {10.1063/1.3079326},
  file = {:papers\\Oganov2009.pdf:PDF},
  url = {http://scitation.aip.org/content/aip/journal/jcp/130/10/10.1063/1.3079326}
}

@ARTICLE{Oganov2010,
  author = {Oganov, A.R. and Lyakhov, A.O.},
  title = {Towards the theory of hardness of materials},
  journal = {Journal of Superhard Materials},
  year = {2010},
  volume = {32},
  pages = {143--147},
  number = {3},
  doi = {10.3103/S1063457610030019},
  file = {:papers\\Oganov2010.pdf:PDF},
  issn = {1063-4576},
  url = {http://dx.doi.org/10.3103/S1063457610030019}
}

@ARTICLE{Oganov2011,
  author = {Oganov, A.R. and Lyakhov, A.O. and Valle, M.},
  title = {How Evolutionary Crystal Structure Prediction Works --- and Why},
  journal = {Accounts of Chemical Research},
  year = {2011},
  volume = {44},
  pages = {227--237},
  number = {3},
  doi = {10.1021/ar1001318},
  file = {:papers\\Oganov2011.pdf:PDF},
  url = {http://pubs.acs.org/doi/abs/10.1021/ar1001318}
}

@INBOOK{Oganov-book2010a,
  pages = {223--231},
  title = {Appendix: First Blind Test of Inorganic Crystal Structure Prediction
	Methods},
  publisher = {Wiley-VCH Verlag GmbH \& Co. KGaA},
  year = {2010},
  editor = {A.R. Oganov},
  author = {Oganov, A.R. and Schon, J.C. and Jansen, M. and Woodley, S.M. and
	Tipton, W.W. and Hennig, R.G.},
  booktitle = {Modern Methods of Crystal Structure Prediction},
  doi = {10.1002/9783527632831.app1},
  file = {:papers\\Oganov-book2010a.pdf:PDF},
  isbn = {9783527632831},
  url = {http://onlinelibrary.wiley.com/doi/10.1002/9783527632831.app1/summary}
}

@INBOOK{Oganov-book2010b,
  pages = {147--180},
  title = {Crystal Structure Prediction Using Evolutionary Approach},
  publisher = {Wiley-VCH Verlag GmbH \& Co. KGaA},
  year = {2010},
  editor = {A.R. Oganov},
  author = {Lyakhov, A.O. and Oganov, A.R. and Valle, M.},
  booktitle = {Modern Methods of Crystal Structure Prediction},
  doi = {10.1002/9783527632831.ch7},
  isbn = {9783527632831},
  url = {http://onlinelibrary.wiley.com/doi/10.1002/9783527632831.ch7/summary}
}

@ARTICLE{Pickard2006,
  author = {Pickard, C.J. and Needs, R.J.},
  title = {High-Pressure Phases of Silane},
  journal = {Phys. Rev. Lett.},
  year = {2006},
  volume = {97},
  pages = {045504},
  month = {Jul},
  doi = {10.1103/PhysRevLett.97.045504},
  file = {:papers\\Pickard2006.pdf:PDF},
  issue = {4},
  numpages = {4},
  url = {http://link.aps.org/doi/10.1103/PhysRevLett.97.045504}
}

@ARTICLE{Pickard2009a,
  author = {Pickard, C.J. and Needs, R.J.},
  title = {High-Pressure Phases of Nitrogen},
  journal = {Phys. Rev. Lett.},
  year = {2009},
  volume = {102},
  pages = {125702},
  month = {Mar},
  doi = {10.1103/PhysRevLett.102.125702},
  file = {:papers\\Pickard2009a.pdf:PDF},
  issue = {12},
  numpages = {4},
  url = {http://link.aps.org/doi/10.1103/PhysRevLett.102.125702}
}

@ARTICLE{Pickard2009b,
  author = {Pickard, C.J. and Needs, R.J.},
  title = {Structures at high pressure from random searching},
  journal = {physica status solidi (b)},
  year = {2009},
  volume = {246},
  pages = {536--540},
  number = {3},
  doi = {10.1002/pssb.200880546},
  file = {:papers\\Pickard2009b.pdf:PDF},
  issn = {1521-3951},
  publisher = {WILEY-VCH Verlag},
  url = {http://dx.doi.org/10.1002/pssb.200880546}
}

@ARTICLE{Qian2013,
  author = {Qian, G.R. and Dong, X. and Zhou, X.-F. and Tian, Y. and Oganov,
	A.R. and Wang, H.-T.},
  title = {Variable cell nudged elastic band method for studying solid-solid
	structural phase transitions},
  journal = {Computer Physics Communications},
  year = {2013},
  volume = {184},
  pages = {2111--2118},
  number = {9},
  doi = {10.1016/j.cpc.2013.04.004},
  file = {:papers\\Qian2013.pdf:PDF},
  issn = {0010-4655},
  url = {http://www.sciencedirect.com/science/article/pii/S0010465513001392}
}

@ARTICLE{Valle2005,
  author = {Valle, M.},
  title = {{STM}3: a chemistry visualization platform},
  journal = {Z. Krist.},
  year = {2005},
  volume = {220},
  pages = {585--588},
  doi = {10.1524/zkri.220.5.585.65068},
  file = {:papers\\Valle2005.pdf:PDF},
  url = {http://www.degruyter.com/view/j/zkri.2005.220.issue-5-6-2005/zkri.220.5.585.65068/zkri.220.5.585.65068.xml}
}

@ARTICLE{Wang2010,
  author = {Wang, Y. and Lv, J. and Zhu, L. and Ma, Y.},
  title = {Crystal structure prediction via particle-swarm optimization},
  journal = {Phys. Rev. B},
  year = {2010},
  volume = {82},
  pages = {094116},
  month = {Sep},
  doi = {10.1103/PhysRevB.82.094116},
  file = {:papers\\Wang2010.pdf:PDF},
  issue = {9},
  numpages = {8},
  url = {http://link.aps.org/doi/10.1103/PhysRevB.82.094116}
}

@ARTICLE{Zhang2013,
  author = {Zhang, W. and Oganov, A.R. and Goncharov, A.F. and Zhu, Q. and Boulfelfel,
	S.E. and Lyakhov, A.O. and Stavrou, E. and Somayazulu, M. and Prakapenka,
	V.B. and Konopkova, Z.},
  title = {Unexpected Stable Stoichiometries of Sodium Chlorides},
  journal = {Science},
  year = {2013},
  volume = {342},
  pages = {1502-1505},
  number = {6165},
  doi = {10.1126/science.1244989},
  file = {:papers\\Zhang2013.pdf:PDF},
  url = {http://www.sciencemag.org/content/342/6165/1502.abstract}
}

@ARTICLE{Zhu2013,
  author = {Zhu, Q. and Li, L. and Oganov, A.R. and Allen, P.B.},
  title = {Evolutionary method for predicting surface reconstructions with variable
	stoichiometry},
  journal = {Phys. Rev. B},
  year = {2013},
  volume = {87},
  pages = {195317},
  month = {May},
  doi = {10.1103/PhysRevB.87.195317},
  file = {:papers\\Zhu2013.pdf:PDF},
  issue = {19},
  numpages = {8},
  url = {http://link.aps.org/doi/10.1103/PhysRevB.87.195317}
}

